@article{hosny2018artificial,
	author = {Hosny, A. and Parmar, C. and Quackenbush, J. and Schwartz, L. H. and Aerts, H. J.},
	title = {Artificial intelligence in radiology},
	journal = {Nature Reviews Cancer},
	year = {2018},
	volume = {18},
	number = {8},
	pages = {500--510}
}

@article{greenspan2016guest, 
	 author = {Greenspan, H. and Van Ginneken, B. and Summers, R. M.},  
	 title = {Guest editorial deep learning in medical imaging: Overview and future promise of an exciting new technique},  
	 journal = {IEEE Transactions on Medical Imaging},  
	 year = {2016},  
	 volume = {35},  
	 number = {5},  
	 pages = {1153--1159}
}

@article{johnson2018artificial,  
	author = {Johnson, K. W. and Soto, J. T. and Glicksberg, B. S. and Shameer, K. and Miotto, R. and Ali, M. and Dudley, J. T.},  
	title = {Artificial intelligence in cardiology},  
	journal = {Journal of the American College of Cardiology},  
	year = {2018},  
	volume = {71},  
	number = {23},  
	pages = {2668--2679}}

@article{littman2015reinforcement,
	author = {Littman, M. L.},
	title = {Reinforcement learning improves behaviour from evaluative feedback},
	journal = {Nature},
	year = {2015},
	volume = {71},
	number = {521},
	pages = {445--451}
}

@misc{ananthr1_weather_prediction,
	author = {Ananth R.},
	title = {Weather Prediction Data Set},
	year = {2021},
	url = {https://www.kaggle.com/datasets/ananthr1/weather-prediction/data},
	note = {Accessed: 2024-06-09}
}
@misc{omu_logistic_regression,
	author = {{OMÜ | Ondokuz Mayıs Üniversitesi}},
	title = {LOJISTIK REGRESYON ANALIZI},
	year = {2024},
	url = {https://avys.omu.edu.tr},
	note = {Accessed: 2024-06-09}
}

@misc{medium_knn,
	author = {{Machine Learning Türkiye}},
	title = {KNN: K En Yakın Komşu},
	year = {2018},
	url = {https://medium.com/machine-learning-t%C3%BCrkiye/knn-k-en-yak%C4%B1n-kom%C5%9Fu-7a037f056116},
	note = {Accessed: 2024-06-09}
}

@misc{decision_tree_id3,
	author = {Uzun, Erdinç},
	title = {Decision Tree - Karar Ağacı (ID3 Algoritması) - Classification - Sınıflama},
	year = {2021},
	url = {https://erdincuzun.com/makine_ogrenmesi/decision-tree-karar-agaci-id3-algoritmasi-classification-siniflama/},
	note = {Accessed: 2024-06-09}
}

@misc{svm_medium,
	author = {{Deep Learning Türkiye}},
	title = {Nedir Bu Destek Vektör Makineleri? - Makine Öğrenmesi Serisi 2},
	year = {2019},
	url = {https://medium.com/deep-learning-turkiye/nedir-bu-destek-vekt%C3%B6r-makineleri-makine-%C3%B6%C4%9Frenmesi-serisi-2-94e576e4223e},
	note = {Accessed: 2024-06-09}
}





